@misc{ASHRAE_Storage_White_Paper_2015,
  title={Data Center Storage Equipment Thermal Guidelines, Issues, and Best Practices},
  url={https://resourcecenter.ashrae.org/File%20Library/Technical%20Resources/Bookstore/ASHRAE_Storage_White_Paper_2015.pdf},
  howpublished = {\url{https://resourcecenter.ashrae.org/File%20Library/Technical%20Resources/Bookstore/ASHRAE_Storage_White_Paper_2015.pdf}},
  journal={ASHRAE},
  author={ASHRAE Technical Committee (TC) 9.9},
  year={2015},
}

